{
  "leader": "02189cam a22004091i 4500",
  "fields": [
    {
      "001": "ocm01045846\\"
    },
    {
      "003": "OCoLC"
    },
    {
      "005": "20220708134029.0"
    },
    {
      "008": "740410s1967\\\\\\\\mauc\\\\\\\\\\b\\\\\\\\000\\0\\eng\\\\"
    },
    {
      "010": {
        "ind1": "\\",
        "ind2": "\\",
        "subfields": [
          {
            "a": "   67011213 "
          }
        ]
      }
    },
    {
      "040": {
        "ind1": "\\",
        "ind2": "\\",
        "subfields": [
          {
            "a": "DLC"
          },
          {
            "b": "eng"
          },
          {
            "c": "DLC"
          },
          {
            "d": "SBH"
          },
          {
            "d": "NLM"
          },
          {
            "d": "STF"
          },
          {
            "d": "OTP"
          },
          {
            "d": "EUM"
          },
          {
            "d": "OCLCF"
          },
          {
            "d": "OCLCQ"
          },
          {
            "d": "HUV"
          },
          {
            "d": "OCLCO"
          },
          {
            "d": "NLC"
          },
          {
            "d": "OCLCO"
          },
          {
            "d": "OCLCA"
          },
          {
            "d": "OCLCQ"
          },
          {
            "d": "CPO"
          },
          {
            "d": "CASUM"
          },
          {
            "d": "OCLCO"
          }
        ]
      }
    },
    {
      "016": {
        "ind1": "7",
        "ind2": "\\",
        "subfields": [
          {
            "a": "0111424"
          },
          {
            "2": "DNLM"
          }
        ]
      }
    },
    {
      "016": {
        "ind1": "\\",
        "ind2": "\\",
        "subfields": [
          {
            "a": "(AMICUS)000001100033"
          }
        ]
      }
    },
    {
      "019": {
        "ind1": "\\",
        "ind2": "\\",
        "subfields": [
          {
            "a": "976770421"
          },
          {
            "a": "1161026175"
          }
        ]
      }
    },
    {
      "035": {
        "ind1": "\\",
        "ind2": "\\",
        "subfields": [
          {
            "a": "(OCoLC)1045846"
          },
          {
            "z": "(OCoLC)976770421"
          },
          {
            "z": "(OCoLC)1161026175"
          }
        ]
      }
    },
    {
      "050": {
        "ind1": "0",
        "ind2": "0",
        "subfields": [
          {
            "a": "R154.G76715"
          },
          {
            "b": "P4"
          }
        ]
      }
    },
    {
      "060": {
        "ind1": "0",
        "ind2": "0",
        "subfields": [
          {
            "a": "WZ 100"
          },
          {
            "b": "G818P 1967"
          }
        ]
      }
    },
    {
      "082": {
        "ind1": "0",
        "ind2": "0",
        "subfields": [
          {
            "a": "610.924"
          },
          {
            "b": "PEN"
          }
        ]
      }
    },
    {
      "100": {
        "ind1": "1",
        "ind2": "\\",
        "subfields": [
          {
            "a": "Penfield, Wilder,"
          },
          {
            "d": "1891-1976."
          }
        ]
      }
    },
    {
      "245": {
        "ind1": "1",
        "ind2": "4",
        "subfields": [
          {
            "a": "The difficult art of giving :"
          },
          {
            "b": "the epic of Alan Gregg /"
          },
          {
            "c": "by Wilder Penfield."
          }
        ]
      }
    },
    {
      "250": {
        "ind1": "\\",
        "ind2": "\\",
        "subfields": [
          {
            "a": "[1st ed.]."
          }
        ]
      }
    },
    {
      "260": {
        "ind1": "\\",
        "ind2": "\\",
        "subfields": [
          {
            "a": "Boston :"
          },
          {
            "b": "Little, Brown,"
          },
          {
            "c": "[1967]"
          }
        ]
      }
    },
    {
      "300": {
        "ind1": "\\",
        "ind2": "\\",
        "subfields": [
          {
            "a": "xiv, 414 pages :"
          },
          {
            "b": "portraits ;"
          },
          {
            "c": "22 cm"
          }
        ]
      }
    },
    {
      "336": {
        "ind1": "\\",
        "ind2": "\\",
        "subfields": [
          {
            "a": "text"
          },
          {
            "b": "txt"
          },
          {
            "2": "rdacontent"
          }
        ]
      }
    },
    {
      "337": {
        "ind1": "\\",
        "ind2": "\\",
        "subfields": [
          {
            "a": "unmediated"
          },
          {
            "b": "n"
          },
          {
            "2": "rdamedia"
          }
        ]
      }
    },
    {
      "338": {
        "ind1": "\\",
        "ind2": "\\",
        "subfields": [
          {
            "a": "volume"
          },
          {
            "b": "nc"
          },
          {
            "2": "rdacarrier"
          }
        ]
      }
    },
    {
      "504": {
        "ind1": "\\",
        "ind2": "\\",
        "subfields": [
          {
            "a": "\"The works of Alan Gregg\": pages 395-401."
          }
        ]
      }
    },
    {
      "505": {
        "ind1": "0",
        "ind2": "\\",
        "subfields": [
          {
            "a": "Roots of the tree -- Colorado Springs -- Harvard years -- Time out -- Medical school -- Massachusetts General Hospital -- War service 1917-1919 -- Public health service 1919-1922 -- John D. Rockefeller, philanthropist -- Romance -- Apprentice in a new philanthropy -- Medicine in Europe -- A humanist at forty -- The giants -- Reorientation of a foundation -- Canyons of Manhattan -- The coin has two sides -- Director of Medical Sciences -- The years of giving -- Thoughts on war and freedom -- What it is to be sixty -- A man for all seasons -- The business of a scholar -- The heritage of excellence -- Words and writing -- The difficult art of giving -- Big Sur."
          }
        ]
      }
    },
    {
      "600": {
        "ind1": "1",
        "ind2": "0",
        "subfields": [
          {
            "a": "Gregg, Alan,"
          },
          {
            "d": "1890-1957."
          }
        ]
      }
    },
    {
      "600": {
        "ind1": "1",
        "ind2": "2",
        "subfields": [
          {
            "a": "Gregg, Alan,"
          },
          {
            "d": "1890-1957."
          }
        ]
      }
    },
    {
      "610": {
        "ind1": "2",
        "ind2": "2",
        "subfields": [
          {
            "a": "Rockefeller Foundation."
          }
        ]
      }
    },
    {
      "650": {
        "ind1": "\\",
        "ind2": "2",
        "subfields": [
          {
            "a": "Foundations"
          },
          {
            "x": "history"
          }
        ]
      }
    },
    {
      "600": {
        "ind1": "1",
        "ind2": "7",
        "subfields": [
          {
            "a": "Gregg, Alan,"
          },
          {
            "d": "1890-1957"
          },
          {
            "2": "fast"
          },
          {
            "0": "(OCoLC)fst00206898"
          }
        ]
      }
    },
    {
      "776": {
        "ind1": "0",
        "ind2": "8",
        "subfields": [
          {
            "i": "Online version:"
          },
          {
            "a": "Penfield, Wilder, 1891-1976."
          },
          {
            "t": "Difficult art of giving."
          },
          {
            "b": "[1st ed.]."
          },
          {
            "d": "Boston, Little, Brown [1967]"
          },
          {
            "w": "(OCoLC)654936456"
          }
        ]
      }
    },
    {
      "994": {
        "ind1": "\\",
        "ind2": "\\",
        "subfields": [
          {
            "a": "Z0"
          },
          {
            "b": "NYRVC"
          }
        ]
      }
    },
    {
      "948": {
        "ind1": "\\",
        "ind2": "\\",
        "subfields": [
          {
            "h": "NO HOLDINGS IN NYRVC - 282 OTHER HOLDINGS"
          }
        ]
      }
    },
    {
      "999": {
        "ind1": "\\",
        "ind2": "\\",
        "subfields": [
          {
            "a": "00000000026327"
          }
        ]
      }
    }
  ]
}